<record><leader>00000cas a22000007a 4500</leader><controlfield tag="001">22147018</controlfield><controlfield tag="008">900726d1889189umduuu ne      0    0eng d</controlfield><datafield ind1=" " ind2=" " tag="010"><subfield code="a">sn 90057208 </subfield></datafield><datafield ind1=" " ind2=" " tag="040"><subfield code="a">MFN</subfield><subfield code="b">eng</subfield><subfield code="c">MFN</subfield><subfield code="d">OCLCQ</subfield></datafield><datafield ind1=" " ind2=" " tag="042"><subfield code="a">msc</subfield></datafield><datafield ind1="0" ind2="4" tag="245"><subfield code="a">The Hancock star.</subfield></datafield><datafield ind1=" " ind2=" " tag="260"><subfield code="a">Hancock, Md. :</subfield><subfield code="b">D.H. Funk</subfield></datafield><datafield ind1=" " ind2=" " tag="300"><subfield code="a">v.</subfield></datafield><datafield ind1="1" ind2=" " tag="362"><subfield code="a">Began in 1889?</subfield></datafield><datafield ind1=" " ind2=" " tag="588"><subfield code="a">Description based on: Vol. 3, no. 1 (Feb. 28, 1891).</subfield></datafield><datafield ind1=" " ind2=" " tag="752"><subfield code="a">United States</subfield><subfield code="b">Maryland</subfield><subfield code="c">Washington</subfield><subfield code="d">Hancock.</subfield></datafield><datafield ind1="0" ind2="0" tag="785"><subfield code="t">Star (Hancock, Md.)</subfield><subfield code="w">(DLC)sn 89060224</subfield></datafield></record>